@ARTICLE{usecka_bresenham,
author = {Tom Carter},
title = {The Bresenham Line Algorithm, Computer Science CSU Stanislaus},
year = {2014}
}

@ARTICLE{rotace,
author = {HORCIK, Rostislav},
title = {Výpočet matice rotace, http://uivty.cs.cas.sz},
year = {2009}
}


@ARTICLE{sdl2,
author = {HENSHAW, Benedict},
title = {Intro to Software Rendering with SDL2},
year = {2023}
}
%SDL2 https://benedicthenshaw.com/soft_render_sdl2.html
